@book{selinger,
 author= {Peter Selinger},
 title= {Lecture Notes on the Lambda Calculus},
 year= {2001},
 DOI= {https://doi.org/10.48550/arXiv.0804.3434}
},
@book{computation-theory,
 author={Michael Sipser},
 title= {Introduction to the theory of Computation},
 year= {2013}
},
@article{on-computable-numbers,
 author ={Alan Turing},
 title = {On Computable Numbers, with an Application to the Entscheidungsproblem},
 year = {1936},
 DOI = {https://doi.org/10.1112/plms/s2-42.1.230}
},
@article{rosser-kleene-inconsistency,
 URL = {http://www.jstor.org/stable/1968646},
 author = {S. C. Kleene and J. B. Rosser},
 journal = {Annals of Mathematics},
 publisher = {[Annals of Mathematics, Trustees of Princeton University on Behalf of the Annals of Mathematics, Mathematics Department, Princeton University]},
 title = {The Inconsistency of Certain Formal Logics},
 volume = {36},
 year = {1935}
},
@inbook{machine-models,
    author = {van Emde Boas, Peter},
    title = {Machine models and simulations},
    year = {1991},
    isbn = {0444880712},
    publisher = {MIT Press},
    address = {Cambridge, MA, USA},
    booktitle = {Handbook of Theoretical Computer Science (Vol. A): Algorithms and Complexity},
    pages = {1â€“66},
    numpages = {66}
},
@book{barendregt1984lambda,
  title={The Lambda Calculus: Its Syntax and Semantics},
  author={Barendregt, H.P.},
  isbn={9780444875082},
  lccn={84005966},
  series={Studies in logic and the foundations of mathematics},
  url={https://books.google.es/books?id=KbZFAAAAYAAJ},
  year={1984},
  publisher={North-Holland}
}
